<?xml version="1.0" encoding="utf-8"?>
<record xmlns="http://www.loc.gov/MARC21/slim" xmlns:xsi="http://www.w3.org/2001/XMLSchema-instance" xsi:schemaLocation="http://www.loc.gov/MARC21/slim http://www.loc.gov/standards/marcxml/schema/MARC21slim.xsd">
	<leader>     nam a22     Mi 4500</leader>
	<controlfield tag="001">2670898</controlfield>
	<controlfield tag="003">NNC</controlfield>
	<controlfield tag="006">m        d        </controlfield>
	<controlfield tag="007">cr cn |||m|||a</controlfield>
	<controlfield tag="008">190513s1969    ir      ob    000 0 arard</controlfield>
	<datafield ind1=" " ind2=" " tag="040">
		<subfield code="a">ZYU</subfield>
		<subfield code="b">ara</subfield>
		<subfield code="e">rda</subfield>
		<subfield code="c">ZYU</subfield>
	</datafield>
	<datafield ind1=" " ind2="4" tag="050">
		<subfield code="a">KBL0</subfield>
		<subfield code="b">.H89 1953</subfield>
	</datafield>
	<datafield ind1="1" ind2=" " tag="100">
		<subfield code="6">880-01</subfield>
		<subfield code="a">Ḥusaynī al-Rūḥānī, Muḥammad Ṣādiq. </subfield>
	</datafield>
	<datafield ind1="1" ind2="0" tag="240">
		<subfield code="6">880-02</subfield>
		<subfield code="a">Fiqh al-Ṣādiq</subfield>
	</datafield>
	<datafield ind1="1" ind2="0" tag="245">
		<subfield code="6">880-03</subfield>
		<subfield code="a">Fiqh al-Ṣādiq fī sharḥ al-Tabṣirah lil-Imām al-Muḥaqqiq Āyat Allāh al-ʻAllāmah al-Ḥillī /</subfield>
		<subfield code="c">taʼlīf Muḥammad Ṣādiq al-Ḥusaynī al-Rūḥānī.</subfield>
	</datafield>
	<datafield ind1="3" ind2=" " tag="246">
		<subfield code="6">880-04</subfield>
		<subfield code="a">Taʻlīq ʻalá Kitāb al-Makāsib lil-Anṣārī</subfield>
	</datafield>
	<datafield ind1=" " ind2=" " tag="250">
		<subfield code="6">880-05</subfield>
		<subfield code="a">al-Ṭabʻah 2., mazīdah wa-munaqqaḥah.</subfield>
	</datafield>
	<datafield ind1=" " ind2=" " tag="260">
		<subfield code="a">[Qom] :</subfield>
		<subfield code="b">[publisher not identified],</subfield>
		<subfield code="c">[1389 i.e. 1969]</subfield>
	</datafield>
	<datafield ind1=" " ind2=" " tag="300">
		<subfield code="a">online resource (20 volumes)</subfield>
	</datafield>
	<datafield ind1=" " ind2=" " tag="336">
		<subfield code="a">text</subfield>
		<subfield code="2">rdacontent</subfield>
	</datafield>
	<datafield ind1=" " ind2=" " tag="337">
		<subfield code="a">computer</subfield>
		<subfield code="2">rdamedia</subfield>
	</datafield>
	<datafield ind1=" " ind2=" " tag="338">
		<subfield code="a">online resource</subfield>
		<subfield code="2">rdacarrier</subfield>
	</datafield>
	<datafield ind1=" " ind2=" " tag="500">
		<subfield code="a">Vols. 11-14: Taʻlīq ʻalá Kitāb al-Makāsib lil-Anṣārī.</subfield>
	</datafield>
	<datafield ind1=" " ind2=" " tag="500">
		<subfield code="a">Some v. want ed. statement.</subfield>
	</datafield>
	<datafield ind1=" " ind2=" " tag="500">
		<subfield code="a">Part of the Arabic Collections Online (ACO) project, contributed by Columbia University Libraries.</subfield>
	</datafield>
	<datafield ind1=" " ind2=" " tag="504">
		<subfield code="a">Includes bibliographical references.</subfield>
	</datafield>
	<datafield ind1=" " ind2=" " tag="533">
		<subfield code="a">Electronic reproduction.</subfield>
		<subfield code="b">New York, N.Y. :</subfield>
		<subfield code="c">New York University,</subfield>
		<subfield code="d">2019.</subfield>
		<subfield code="5">NNU</subfield>
	</datafield>
	<datafield ind1="1" ind2="0" tag="600">
		<subfield code="a">Ibn al-Muṭahhar al-Ḥillī, al-Ḥasan ibn Yūsuf,</subfield>
		<subfield code="d">1250-1325.</subfield>
		<subfield code="t">Tabṣirat al-mutaʻallimīn fī aḥkām al-dīn.</subfield>
	</datafield>
	<datafield ind1="1" ind2="0" tag="600">
		<subfield code="a">Anṣārī, Murtaḍá ibn Muḥammad Amīn,</subfield>
		<subfield code="d">1799 or 1800-1864.</subfield>
		<subfield code="t">Makāsib.</subfield>
	</datafield>
	<datafield ind1="0" ind2="7" tag="630">
		<subfield code="a">Makāsib (Anṣārī, Murtaḍá ibn Muḥammad Amīn)</subfield>
		<subfield code="2">fast</subfield>
		<subfield code="0">(OCoLC)fst01371633</subfield>
	</datafield>
	<datafield ind1=" " ind2="0" tag="650">
		<subfield code="a">Islamic law.</subfield>
	</datafield>
	<datafield ind1=" " ind2="0" tag="650">
		<subfield code="a">Shīʻah.</subfield>
	</datafield>
	<datafield ind1=" " ind2="7" tag="650">
		<subfield code="a">Islamic law.</subfield>
		<subfield code="2">fast</subfield>
		<subfield code="0">(OCoLC)fst00979949</subfield>
	</datafield>
	<datafield ind1=" " ind2="7" tag="650">
		<subfield code="a">Shīʻah.</subfield>
		<subfield code="2">fast</subfield>
		<subfield code="0">(OCoLC)fst01117946</subfield>
	</datafield>
	<datafield ind1="1" ind2="2" tag="700">
		<subfield code="6">880-06</subfield>
		<subfield code="a">Ibn al-Muṭahhar al-Ḥillī, al-Ḥasan ibn Yūsuf,</subfield>
		<subfield code="d">1250-1325.</subfield>
		<subfield code="t">Tabṣirat al-mutaʻallimīn fī aḥkām al-dīn. </subfield>
	</datafield>
	<datafield ind1="1" ind2="2" tag="700">
		<subfield code="6">880-07</subfield>
		<subfield code="a">Anṣārī, Murtaḍá ibn Muḥammad Amīn,</subfield>
		<subfield code="d">1799 or 1800-1864.</subfield>
		<subfield code="t">Makāsib.</subfield>
	</datafield>
	<datafield ind1="2" ind2=" " tag="710">
		<subfield code="a">Columbia University.</subfield>
		<subfield code="b">Libraries.</subfield>
	</datafield>
	<datafield ind1="0" ind2=" " tag="730">
		<subfield code="a">Arabic Collections Online.</subfield>
	</datafield>
	<datafield ind1="0" ind2="8" tag="776">
		<subfield code="i">Print version:</subfield>
		<subfield code="a">Ḥusaynī al-Rūḥānī, Muḥammad Ṣādiq.</subfield>
		<subfield code="t">Fiqh al-Ṣādiq fī sharḥ al-Tabṣirah lil-Imām al-Muḥaqqiq Āyat Allāh al-ʻAllāmah al-Ḥillī</subfield>
		<subfield code="w">(NNC)2670898</subfield>
		<subfield code="w">(OCoLC)27301193</subfield>
	</datafield>
	<datafield ind1="4" ind2="0" tag="856">
		<subfield code="u">http://hdl.handle.net/2333.1/7h44j8b2</subfield>
	</datafield>
	<datafield ind1="1" ind2=" " tag="880">
		<subfield code="6">100-01</subfield>
		<subfield code="a">حسيني الروحاني، محمد صادق. </subfield>
	</datafield>
	<datafield ind1="1" ind2="0" tag="880">
		<subfield code="6">240-02</subfield>
		<subfield code="a">فقه الصادق</subfield>
	</datafield>
	<datafield ind1="1" ind2="0" tag="880">
		<subfield code="6">245-03</subfield>
		<subfield code="a">فقه الصادق في شرح التبصرة للامام المحقق آية الله العلامة الحلي /</subfield>
		<subfield code="c">تأليف محمد صادق الحسيني الروحاني.</subfield>
	</datafield>
	<datafield ind1="3" ind2=" " tag="880">
		<subfield code="6">246-04</subfield>
		<subfield code="a">تعليق على كتاب المكاسب للنصاري</subfield>
	</datafield>
	<datafield ind1=" " ind2=" " tag="880">
		<subfield code="6">250-05</subfield>
		<subfield code="a">الطبعة 2.، مزيدة ومنقحة.</subfield>
	</datafield>
	<datafield ind1="1" ind2="2" tag="880">
		<subfield code="6">700-06</subfield>
		<subfield code="a">ابن المطهر الحلي، الحسن بن يوسف،</subfield>
		<subfield code="d">1250-1325.</subfield>
		<subfield code="t">تبصرة المتعلمين في احكام الدين. </subfield>
	</datafield>
	<datafield ind1="1" ind2="2" tag="880">
		<subfield code="6">700-07</subfield>
		<subfield code="a">انصاري، مرتضى بن محمد امين،</subfield>
		<subfield code="d">1799 or 1800-1864.</subfield>
		<subfield code="t">مكاسب. </subfield>
	</datafield>
	<datafield ind1=" " ind2=" " tag="959">
		<subfield code="a">NNU</subfield>
		<subfield code="b">WEB</subfield>
		<subfield code="c">GENI</subfield>
		<subfield code="t">0</subfield>
		<subfield code="m">Electronic access</subfield>
		<subfield code="s">01</subfield>
	</datafield>
	<datafield ind1=" " ind2=" " tag="999">
		<subfield code="i">NNC_2670898</subfield>
		<subfield code="o">(OCoLC)ocm27301193</subfield>
		<subfield code="s">columbia_aco004157:v.1</subfield>
		<subfield code="s">columbia_aco004158:v.2</subfield>
		<subfield code="s">columbia_aco004159:v.3</subfield>
		<subfield code="s">columbia_aco004160:v.4</subfield>
		<subfield code="s">columbia_aco004161:v.5</subfield>
		<subfield code="s">columbia_aco004162:v.6</subfield>
		<subfield code="s">columbia_aco004163:v.7</subfield>
		<subfield code="s">columbia_aco004164:v.8</subfield>
		<subfield code="s">columbia_aco004165:v.9</subfield>
		<subfield code="s">columbia_aco004166:v.10</subfield>
		<subfield code="s">columbia_aco004167:v.11</subfield>
		<subfield code="s">columbia_aco004168:v.12</subfield>
		<subfield code="s">columbia_aco004169:v.13</subfield>
		<subfield code="s">columbia_aco004170:v.14</subfield>
		<subfield code="s">columbia_aco004171:v.15</subfield>
		<subfield code="s">columbia_aco004172:v.16</subfield>
		<subfield code="s">columbia_aco004173:v.17</subfield>
		<subfield code="s">columbia_aco004174:v.18</subfield>
		<subfield code="s">columbia_aco004175:v.19</subfield>
		<subfield code="s">columbia_aco004176:v.20</subfield>
		<subfield code="e">(ERROR-880)</subfield>
		<subfield code="s">columbia_aco004157:v.1</subfield>
		<subfield code="s">columbia_aco004158:v.2</subfield>
		<subfield code="s">columbia_aco004159:v.3</subfield>
		<subfield code="s">columbia_aco004160:v.4</subfield>
		<subfield code="s">columbia_aco004161:v.5</subfield>
		<subfield code="s">columbia_aco004162:v.6</subfield>
		<subfield code="s">columbia_aco004163:v.7</subfield>
		<subfield code="s">columbia_aco004164:v.8</subfield>
		<subfield code="s">columbia_aco004165:v.9</subfield>
		<subfield code="s">columbia_aco004166:v.10</subfield>
		<subfield code="s">columbia_aco004167:v.11</subfield>
		<subfield code="s">columbia_aco004168:v.12</subfield>
		<subfield code="s">columbia_aco004169:v.13</subfield>
		<subfield code="s">columbia_aco004170:v.14</subfield>
		<subfield code="s">columbia_aco004171:v.15</subfield>
		<subfield code="s">columbia_aco004172:v.16</subfield>
		<subfield code="s">columbia_aco004173:v.17</subfield>
		<subfield code="s">columbia_aco004174:v.18</subfield>
		<subfield code="s">columbia_aco004175:v.19</subfield>
		<subfield code="s">columbia_aco004176:v.20</subfield>
	</datafield>
</record>
